@inproceedings{simple,
 author = {Qazi, Zafar Ayyub and Tu, Cheng-Chun and Chiang, Luis and Miao, Rui and Sekar, Vyas and Yu, Minlan},
 title = {SIMPLE-fying Middlebox Policy Enforcement Using SDN},
 booktitle = {Proceedings of the ACM SIGCOMM 2013 Conference on SIGCOMM},
 series = {SIGCOMM '13},
 year = {2013},
 isbn = {978-1-4503-2056-6},
 location = {Hong Kong, China},
 pages = {27--38},
 numpages = {12},
 url = {http://doi.acm.org/10.1145/2486001.2486022},
 doi = {10.1145/2486001.2486022},
 acmid = {2486022},
 publisher = {ACM},
 address = {New York, NY, USA},
 keywords = {middlebox, network management, software-defined networking},
} 
@inproceedings{secondnet,
 author = {Guo, Chuanxiong and Lu, Guohan and Wang, Helen J. and Yang, Shuang and Kong, Chao and Sun, Peng and Wu, Wenfei and Zhang, Yongguang},
 title = {SecondNet: A Data Center Network Virtualization Architecture with Bandwidth Guarantees},
 booktitle = {Proceedings of the 6th International COnference},
 series = {Co-NEXT '10},
 year = {2010},
 isbn = {978-1-4503-0448-1},
 location = {Philadelphia, Pennsylvania},
 pages = {15:1--15:12},
 articleno = {15},
 numpages = {12},
 url = {http://doi.acm.org/10.1145/1921168.1921188},
 doi = {10.1145/1921168.1921188},
 acmid = {1921188},
 publisher = {ACM},
 address = {New York, NY, USA},
 keywords = {DCN, bandwidth guarantee, virtual data center},
} 
@inproceedings{oktopus,
 author = {Ballani, Hitesh and Costa, Paolo and Karagiannis, Thomas and Rowstron, Ant},
 title = {Towards Predictable Datacenter Networks},
 booktitle = {Proceedings of the ACM SIGCOMM 2011 Conference},
 series = {SIGCOMM '11},
 year = {2011},
 isbn = {978-1-4503-0797-0},
 location = {Toronto, Ontario, Canada},
 pages = {242--253},
 numpages = {12},
 url = {http://doi.acm.org/10.1145/2018436.2018465},
 doi = {10.1145/2018436.2018465},
 acmid = {2018465},
 publisher = {ACM},
 address = {New York, NY, USA},
 keywords = {allocation, bandwidth, datacenter, virtual network},
} 

@misc{mininet,
title={Mininet},
url={http://mininet.org},}

@misc{pox,
	title={POX},
	url={http://www.noxrepo.org/pox/about-pox/},}

@inproceedings{flowvisor,
	author = {Sherwood, Rob and Gibb, Glen and Yap, Kok-Kiong and Appenzeller, Guido and Casado, Martin and McKeown, Nick and Parulkar, Guru},
	title = {Can the Production Network Be the Testbed?},
	booktitle = {Proceedings of the 9th USENIX Conference on Operating Systems Design and Implementation},
	series = {OSDI'10},
	year = {2010},
	location = {Vancouver, BC, Canada},
	pages = {1--6},
	numpages = {6},
	url = {http://dl.acm.org/citation.cfm?id=1924943.1924969},
	acmid = {1924969},
	publisher = {USENIX Association},
	address = {Berkeley, CA, USA},
} 

 
